
@article{ruddigkeit_enumeration_2012,
    title = {Enumeration of 166 Billion Organic Small Molecules in the Chemical Universe Database {GDB-17}},
    volume = {52},
    issn = {1549-9596, 1549-{960X}},
    url = {http://pubs.acs.org/doi/abs/10.1021/ci300415d},
    doi = {10.1021/ci300415d},
    number = {11},
    urldate = {2013-11-19},
    journal = {Journal of Chemical Information and Modeling},
    author = {Ruddigkeit, Lars and van Deursen, Ruud and Blum, Lorenz C. and Reymond, Jean-Louis},
    month = nov,
    year = {2012},
    pages = {2864--2875},
},

@article{darley_beyond_2008,
    title = {Beyond Point Charges: Dynamic Polarization from Neural Net Predicted Multipole Moments},
    volume = {4},
    issn = {1549-9618, 1549-9626},
    shorttitle = {Beyond Point Charges},
    url = {http://pubs.acs.org/doi/abs/10.1021/ct800166r},
    doi = {10.1021/ct800166r},
    number = {9},
    urldate = {2013-11-19},
    journal = {Journal of Chemical Theory and Computation},
    author = {Darley, Michael G. and Handley, Chris M. and Popelier, Paul L. A.},
    month = sep,
    year = {2008},
    pages = {1435--1448},
},

@book{frisch_gaussian_2009,
    address = {Wallingford, {CT}},
    title = {Gaussian 09, Revision A.1},
    publisher = {Gaussian, Inc.},
    author = {Frisch, M. J. and Trucks, G. W. and Schlegel, H. B. and Scuseria, G. E. and Robb, M. A. and Cheeseman, J. R. and Scalmani, G. and Barone, V. and Mennucci, B. and Petersson, G. A. and Nakatsuji, H. and Caricato, M. and Li, X. and Hratchian, H. P. and Izmaylov, A. F. and Bloino, J. and Zheng, G. and Sonnenberg, J. L. and Hada, M. and Ehara, M. and Toyota, K. and Fukuda, R. and Hasegawa, J. and Ishida, M. and Nakajima, T. and Honda, Y. and Kitao, O. and Nakai, H. and Vreven, T. and Montgomery, Jr., J. A. and Peralta, J. E. and Ogliaro, F. and Bearpark, M. and Heyd, J. J. and Brothers, E. and Kudin, K. N. and Staroverov, V. N. and Kobayashi, R. and Normand, J. and Raghavachari, K. and Rendell, A. and Burant, J. C. and Iyengar, S. S. and Tomasi, J. and Cossi, M. and Rega, N. and Millam, N. J. and Klene, M. and Knox, J. E. and Cross, J. B. and Bakken, V. and Adamo, C. and Jaramillo, J. and Gomperts, R. and Stratmann, R. E. and Yazyev, O. and Austin, A. J. and Cammi, R. and Pomelli, C. and Ochterski, J. W. and Martin, R. L. and Morokuma, K. and Zakrzewski, V. G. and Voth, G. A. and Salvador, P. and Dannenberg, J. J. and Dapprich, S. and Daniels, A. D. and Farkas, Oe. and Foresman, J. B. and Ortiz, J. V. and Cioslowski, J. and Fox, D. J.},
    year = {2009}
},

@article{montavon_machine_2013,
    title = {Machine Learning of Molecular Electronic Properties in Chemical Compound Space},
    url = {http://arxiv.org/abs/1305.7074},
    urldate = {2013-11-19},
    journal = {{arXiv} preprint {arXiv:1305.7074}},
    author = {Montavon, Grégoire and Rupp, Matthias and Gobre, Vivekanand and Vazquez-Mayagoitia, Alvaro and Hansen, Katja and Tkatchenko, Alexandre and Müller, Klaus-Robert and von Lilienfeld, O. Anatole},
    year = {2013},
},

@article{handley_dynamically_2009,
    title = {Dynamically Polarizable Water Potential Based on Multipole Moments Trained by Machine Learning},
    volume = {5},
    issn = {1549-9618, 1549-9626},
    url = {http://pubs.acs.org/doi/abs/10.1021/ct800468h},
    doi = {10.1021/ct800468h},
    number = {6},
    urldate = {2013-11-19},
    journal = {Journal of Chemical Theory and Computation},
    author = {Handley, Chris M. and Popelier, Paul L. A.},
    month = jun,
    year = {2009},
    pages = {1474--1489},
},

@article{hansen_assessment_2013,
    title = {Assessment and Validation of Machine Learning Methods for Predicting Molecular Atomization Energies},
    volume = {9},
    issn = {1549-9618, 1549-9626},
    url = {http://pubs.acs.org/doi/abs/10.1021/ct400195d},
    doi = {10.1021/ct400195d},
    number = {8},
    urldate = {2013-11-19},
    journal = {Journal of Chemical Theory and Computation},
    author = {Hansen, Katja and Montavon, Grégoire and Biegler, Franziska and Fazli, Siamac and Rupp, Matthias and Scheffler, Matthias and von Lilienfeld, O. Anatole and Tkatchenko, Alexandre and Müller, Klaus-Robert},
    month = aug,
    year = {2013},
    pages = {3404--3419}
},

@article{schutt_how_2013,
    title = {How to represent crystal structures for machine learning: towards fast prediction of electronic properties},
    shorttitle = {How to represent crystal structures for machine learning},
    url = {http://arxiv.org/abs/1307.1266},
    urldate = {2013-11-19},
    journal = {{arXiv} preprint {arXiv:1307.1266}},
    author = {Schütt, K. T. and Glawe, H. and Brockherde, F. and Sanna, A. and Müller, K. R. and Gross, E. K. U.},
    year = {2013},
},

@article{reymond_exploring_2012,
    title = {Exploring Chemical Space for Drug Discovery Using the Chemical Universe Database},
    volume = {3},
    issn = {1948-7193, 1948-7193},
    url = {http://pubs.acs.org/doi/abs/10.1021/cn3000422},
    doi = {10.1021/cn3000422},
    number = {9},
    urldate = {2013-11-19},
    journal = {{ACS} Chemical Neuroscience},
    author = {Reymond, Jean-Louis and Awale, Mahendra},
    month = sep,
    year = {2012},
    pages = {649--657},
},

@article{whitfield_computational_2013,
    title = {Computational complexity of time-dependent density functional theory},
    url = {http://arxiv.org/abs/1310.1428},
    urldate = {2013-11-19},
    journal = {{arXiv} preprint {arXiv:1310.1428}},
    author = {Whitfield, J. D. and Yung, M.-H. and Tempel, D. G. and Boixo, S. and Aspuru-Guzik, A.},
    year = {2013},
},

@article{hansen_assessment_2013-1,
    title = {Assessment and Validation of Machine Learning Methods for Predicting Molecular Atomization Energies},
    volume = {9},
    issn = {1549-9618, 1549-9626},
    url = {http://pubs.acs.org/doi/abs/10.1021/ct400195d},
    doi = {10.1021/ct400195d},
    number = {8},
    urldate = {2013-11-19},
    journal = {Journal of Chemical Theory and Computation},
    author = {Hansen, Katja and Montavon, Grégoire and Biegler, Franziska and Fazli, Siamac and Rupp, Matthias and Scheffler, Matthias and von Lilienfeld, O. Anatole and Tkatchenko, Alexandre and Müller, Klaus-Robert},
    month = aug,
    year = {2013},
    pages = {3404--3419},
},

@article{ra_dft_2008,
    title = {{DFT} Studies of Band Gaps of the Fused Thiophene Oligomers},
    volume = {29},
    url = {http://newjournal.kcsnet.or.kr/main/j_search/j_download.htm?code=B080440},
    number = {4},
    urldate = {2013-11-19},
    journal = {{BULLETIN-KOREAN} {CHEMICAL} {SOCIETY}},
    author = {Ra, Choon Sup and Yim, Sanggyu and Park, Gyoosoon},
    year = {2008},
    pages = {891},
},

@article{martell_assessment_1997,
    title = {Assessment of basis set and functional dependencies in density functional theory: Studies of atomization and reaction energies},
    volume = {101},
    shorttitle = {Assessment of basis set and functional dependencies in density functional theory},
    url = {http://pubs.acs.org/doi/abs/10.1021/jp962783+},
    number = {10},
    urldate = {2013-11-19},
    journal = {The Journal of Physical Chemistry A},
    author = {Martell, Jaime M. and Goddard, John D. and Eriksson, Leif A.},
    year = {1997},
    pages = {1927–1934},
},

@inproceedings{montavon_learning_2012,
    title = {Learning Invariant Representations of Molecules for Atomization Energy Prediction},
    urldate = {2013-11-19},
    booktitle = {Advances in Neural Information Processing Systems},
    author = {Montavon, Grégoire and Hansen, Katja and Fazli, Siamac and Rupp, Matthias and Biegler, Franziska and Ziehe, Andreas and Tkatchenko, Alexandre and Lilienfeld, Anatole V. and Müller, Klaus-Robert},
    year = {2012},
    pages = {449–457},
},

@article{domingos_few_2012,
    title = {A few useful things to know about machine learning},
    volume = {55},
    url = {http://dl.acm.org/citation.cfm?id=2347755},
    number = {10},
    urldate = {2013-11-19},
    journal = {Communications of the {ACM}},
    author = {Domingos, Pedro},
    year = {2012},
    pages = {78–87},
},

@article{martin_benchmark_1997,
    title = {Benchmark quality total atomization energies of small polyatomic molecules},
    volume = {106},
    url = {http://link.aip.org/link/?JCPSA6/106/8620/1},
    urldate = {2013-11-19},
    journal = {The Journal of chemical physics},
    author = {Martin, Jan {ML} and Taylor, Peter R.},
    year = {1997},
    pages = {8620},
},

@article{handley_potential_2010,
    title = {Potential Energy Surfaces Fitted by Artificial Neural Networks},
    volume = {114},
    issn = {1089-5639, 1520-5215},
    url = {http://pubs.acs.org/doi/abs/10.1021/jp9105585},
    doi = {10.1021/jp9105585},
    number = {10},
    urldate = {2013-11-19},
    journal = {The Journal of Physical Chemistry A},
    author = {Handley, Chris M. and Popelier, Paul L. A.},
    month = mar,
    year = {2010},
    pages = {3371--3383},
},

@article{rupp_fast_2012,
    title = {Fast and Accurate Modeling of Molecular Atomization Energies with Machine Learning},
    volume = {108},
    issn = {0031-9007, 1079-7114},
    url = {http://link.aps.org/doi/10.1103/PhysRevLett.108.058301},
    doi = {10.1103/PhysRevLett.108.058301},
    number = {5},
    urldate = {2013-11-19},
    journal = {Physical Review Letters},
    author = {Rupp, Matthias and Tkatchenko, Alexandre and Müller, Klaus-Robert and von Lilienfeld, O. Anatole},
    month = jan,
    year = {2012},
}
